<?xml version="1.0" encoding="UTF-8"?><collection xmlns="http://www.loc.gov/MARC21/slim"><record><leader>00426nam--2200145-i-4500</leader><controlfield tag="001">000019580</controlfield><controlfield tag="002">20161230</controlfield><controlfield tag="005">20161230201033</controlfield><controlfield tag="008">060222s1000------------r-----000-0-eng-d</controlfield><datafield ind1=" " ind2=" " tag="080"><subfield code="a">539.171:539.198:541.1</subfield></datafield><datafield ind1=" " ind2=" " tag="100"><subfield code="a">Fluendy, M.A.D. And Lawley, K.P</subfield></datafield><datafield ind1=" " ind2=" " tag="245"><subfield code="a">Chemical applications of molecular beam scattering</subfield></datafield><datafield ind1=" " ind2=" " tag="260"><subfield code="a">London, Chapman And Hall, 1973.Xi + 400 P</subfield></datafield><datafield ind1=" " ind2=" " tag="490"><subfield code="a">Studies In Chemical Physics</subfield></datafield><datafield ind1=" " ind2=" " tag="852"><subfield code="a">42679</subfield></datafield></record></collection>